@article{valentinuzzi1969simple,
  title={A simple mathematical derivation of the Stewart-Hamilton formula for the determination of cardiac output},
  author={Valentinuzzi, ME and Geddes, LA and Baker, LE},
  journal={Medical and Biological Engineering and Computing},
  volume={7},
  number={3},
  pages={277--282},
  year={1969},
  publisher={Springer}
}

@article{berthelsen2002thermodilution,
	title={Thermodilution cardiac output},
	author={Berthelsen, PG and Eldrup, N and Nilsson, LB and Rasmussen, JP},
	journal={Acta anaesthesiologica scandinavica},
	volume={46},
	number={9},
	pages={1103--1110},
	year={2002},
	publisher={Wiley Online Library}
}

@article{bigatello2010limitations,
	title={Limitations of volumetric indices obtained by trans-thoracic thermodilution},
	author={Bigatello, LM and Kistler, EB and Noto, A},
	journal={Minerva Anestesiol},
	volume={76},
	number={11},
	pages={945--9},
	year={2010}
}

@article{bajorat2006comparison,
	title={Comparison of invasive and less-invasive techniques of cardiac output measurement under different haemodynamic conditions in a pig model},
	author={Bajorat, J and Hofmockel, R and Vagts, DA and Janda, M and Pohl, B and Beck, C and Noeldge-Schomburg, G},
	journal={European journal of anaesthesiology},
	volume={23},
	number={01},
	pages={23--30},
	year={2006},
	publisher={Cambridge Univ Press}
}

@article{calbet2015assessment,
	title={Assessment of cardiac output with transpulmonary thermodilution during exercise in humans},
	author={Calbet, Jos{\'e} AL and Boushel, Robert},
	journal={Journal of Applied Physiology},
	volume={118},
	number={1},
	pages={1--10},
	year={2015},
	publisher={Am Physiological Soc}
}

@article{della2011reply,
	title={Reply to: limitations of volumetric indices obtained by transthoracic thermodilution.},
	author={Della Rocca, G and Teboul, JL},
	journal={Minerva anestesiologica},
	volume={77},
	number={7},
	pages={754--5},
	year={2011}
}

@article{della2002continuous,
	title={Continuous and intermittent cardiac output measurement: pulmonary artery catheter versus aortic transpulmonary technique},
	author={Della Rocca, G and Costa, MG and Pompei, L and Coccia, C and Pietropaoli, P},
	journal={British Journal of Anaesthesia},
	volume={88},
	number={3},
	pages={350--356},
	year={2002},
	publisher={British Jrnl Anaesthesia}
}

@article{faybik2004iced,
	title={Iced versus room temperature injectate for assessment of cardiac output, intrathoracic blood volume, and extravascular lung water by single transpulmonary thermodilution},
	author={Faybik, Peter and Hetz, Hubert and Baker, Amir and Yankovskaya, Ekatarine and Krenn, Claus Georg and Steltzer, Heinz},
	journal={Journal of critical care},
	volume={19},
	number={2},
	pages={103--107},
	year={2004},
	publisher={Elsevier}
}

@article{friesecke2009comparison,
	title={Comparison of pulmonary artery and aortic transpulmonary thermodilution for monitoring of cardiac output in patients with severe heart failure: validation of a novel method},
	author={Friesecke, Sigrun and Heinrich, Annegret and Abel, Peter and Felix, Stephan B},
	journal={Critical care medicine},
	volume={37},
	number={1},
	pages={119--123},
	year={2009},
	publisher={LWW}
}

@article{lehmann1999improved,
	title={Improved accuracy and precision of thermodilution cardiac output measurement using a dual thermistor catheter system},
	author={Lehmann, Kenneth G and Platt, Miriam S},
	journal={Journal of the American College of Cardiology},
	volume={33},
	number={3},
	pages={883--891},
	year={1999},
	publisher={Elsevier}
}

@article{lopes2007goal,
	title={Goal-directed fluid management based on pulse pressure variation monitoring during high-risk surgery: a pilot randomized controlled trial},
	author={Lopes, Marcel R and Oliveira, Marcos A and Pereira, Vanessa Oliveira S and Lemos, Ivaneide Paula B and Auler, Jose Otavio C and Michard, Fr{\'e}d{\'e}ric},
	journal={Critical Care},
	volume={11},
	number={5},
	pages={R100},
	year={2007},
	publisher={BioMed Central}
}

@article{sakka2000assessment,
	title={Assessment of cardiac preload and extravascular lung water by single transpulmonary thermodilution},
	author={Sakka, SG and R{\"u}hl, CC and Pfeiffer, UJ and Beale, R and McLuckie, A and Reinhart, K and Meier-Hellmann, A},
	journal={Intensive care medicine},
	volume={26},
	number={2},
	pages={180--187},
	year={2000},
	publisher={Springer}
}

@article{sakka2012transpulmonary,
	title={The transpulmonary thermodilution technique},
	author={Sakka, Samir G and Reuter, Daniel A and Perel, Azriel},
	journal={Journal of clinical monitoring and computing},
	volume={26},
	number={5},
	pages={347--353},
	year={2012},
	publisher={Springer}
}

@article{dos2002measurement,
	title={Measurement of ejection fraction with standard thermodilution catheters},
	author={dos Santos, Icaro and da Rocha, Adson Ferreira and Nascimento, Francisco Assis de O and Neto, Joao Souza and Valvano, Jonathan W},
	journal={Medical engineering \& physics},
	volume={24},
	number={5},
	pages={325--335},
	year={2002},
	publisher={Elsevier}
}

@article{fegler1954measurement,
	title={MEASUREMENT OF CARDIAC OUTPUT IN AN{\AE}STHETIZED ANIMALS BY A THERMO-DILUTION METHOD},
	author={Fegler, George},
	journal={Experimental Physiology},
	volume={39},
	number={3},
	pages={153--164},
	year={1954},
	publisher={Wiley Online Library}
}

@article{stewart1897researches,
	title={Researches on the circulation time and on the influences which affect it},
	author={Stewart, George Neil},
	journal={The Journal of physiology},
	volume={22},
	number={3},
	pages={159},
	year={1897},
	publisher={Wiley-Blackwell}
}